%% This BibTeX bibliography file was created using BibDesk.
%% http://bibdesk.sourceforge.net/


%% Created for Aggelos Kiayias at 2017-04-12 13:44:29 +0100


%% Saved with string encoding Unicode (UTF-8)


@inbook{mcdiarmid1998,
	Address = {Berlin, Heidelberg},
	Author = {McDiarmid, Colin},
	Chapter = {Concentration},
	Doi = {10.1007/978-3-662-12788-9_6},
	Isbn = {978-3-662-12788-9},
	Pages = {195--248},
	Publisher = {Springer Berlin Heidelberg},
	Title = {Probabilistic Methods for Algorithmic Discrete Mathematics},
	Url = {http://dx.doi.org/10.1007/978-3-662-12788-9_6},
	Year = {1998},
	Bdsk-Url-1 = {http://dx.doi.org/10.1007/978-3-662-12788-9_6}}


@inproceedings{GKL17,
  author    = {Juan A. Garay and
               Aggelos Kiayias and
               Nikos Leonardos},
  title     = {The Bitcoin Backbone Protocol with Chains of Variable Difficulty},
  booktitle = {Advances in Cryptology - {CRYPTO} 2017 - 37th Annual International
               Cryptology Conference, Santa Barbara, CA, USA, August 20-24, 2017,
               Proceedings, Part {I}},
  pages     = {291--323},
  year      = {2017},
  crossref  = {DBLP:conf/crypto/2017-1},
  url       = {https://doi.org/10.1007/978-3-319-63688-7\_10},
  doi       = {10.1007/978-3-319-63688-7\_10},
  timestamp = {Mon, 14 Aug 2017 14:34:46 +0200},
  biburl    = {https://dblp.org/rec/bib/conf/crypto/GarayKL17},
  bibsource = {dblp computer science bibliography, https://dblp.org}
}

@proceedings{DBLP:conf/crypto/2017-1,
  editor    = {Jonathan Katz and
               Hovav Shacham},
  title     = {Advances in Cryptology - {CRYPTO} 2017 - 37th Annual International
               Cryptology Conference, Santa Barbara, CA, USA, August 20-24, 2017,
               Proceedings, Part {I}},
  series    = {Lecture Notes in Computer Science},
  volume    = {10401},
  publisher = {Springer},
  year      = {2017},
  url       = {https://doi.org/10.1007/978-3-319-63688-7},
  doi       = {10.1007/978-3-319-63688-7},
  isbn      = {978-3-319-63687-0},
  timestamp = {Mon, 14 Aug 2017 14:32:34 +0200},
  biburl    = {https://dblp.org/rec/bib/conf/crypto/2017-1},
  bibsource = {dblp computer science bibliography, https://dblp.org}
}


@inproceedings{DBLP:conf/iptps/Douceur02,
	Author = {John R. Douceur},
	Bibsource = {dblp computer science bibliography, http://dblp.org},
	Biburl = {http://dblp2.uni-trier.de/rec/bib/conf/iptps/Douceur02},
	Booktitle = {Peer-to-Peer Systems, First International Workshop, {IPTPS} 2002, Cambridge, MA, USA, March 7-8, 2002, Revised Papers},
	Crossref = {DBLP:conf/iptps/2002},
	Date-Added = {2017-04-12 12:44:28 +0000},
	Date-Modified = {2017-04-12 12:44:28 +0000},
	Doi = {10.1007/3-540-45748-8_24},
	Pages = {251--260},
	Timestamp = {Fri, 01 Jul 2011 13:41:52 +0200},
	Title = {The Sybil Attack},
	Url = {http://dx.doi.org/10.1007/3-540-45748-8_24},
	Year = {2002},
	Bdsk-Url-1 = {http://dx.doi.org/10.1007/3-540-45748-8_24}}

@proceedings{DBLP:conf/iptps/2002,
	Bibsource = {dblp computer science bibliography, http://dblp.org},
	Biburl = {http://dblp2.uni-trier.de/rec/bib/conf/iptps/2002},
	Date-Added = {2017-04-12 12:44:28 +0000},
	Date-Modified = {2017-04-12 12:44:28 +0000},
	Editor = {Peter Druschel and M. Frans Kaashoek and Antony I. T. Rowstron},
	Isbn = {3-540-44179-4},
	Publisher = {Springer},
	Series = {Lecture Notes in Computer Science},
	Timestamp = {Thu, 31 Oct 2002 13:12:38 +0100},
	Title = {Peer-to-Peer Systems, First International Workshop, {IPTPS} 2002, Cambridge, MA, USA, March 7-8, 2002, Revised Papers},
	Volume = {2429},
	Year = {2002}}

@inproceedings{DBLP:conf/istcs/BoldiSVCGS96,
	Author = {Paolo Boldi and Shella Shammah and Sebastiano Vigna and Bruno Codenotti and Peter Gemmell and Janos Simon},
	Bibsource = {dblp computer science bibliography, http://dblp.org},
	Biburl = {http://dblp.uni-trier.de/rec/bib/conf/istcs/BoldiSVCGS96},
	Booktitle = {Fourth Israel Symposium on Theory of Computing and Systems, {ISTCS} 1996, Jerusalem, Israel, June 10-12, 1996, Proceedings},
	Crossref = {DBLP:conf/istcs/1996},
	Date-Added = {2017-04-12 12:44:28 +0000},
	Date-Modified = {2017-04-12 12:44:28 +0000},
	Pages = {16--26},
	Timestamp = {Tue, 31 May 2016 15:34:31 +0200},
	Title = {Symmetry Breaking in Anonymous Networks: Characterizations},
	Year = {1996}}

@proceedings{DBLP:conf/istcs/1996,
	Bibsource = {dblp computer science bibliography, http://dblp.org},
	Biburl = {http://dblp.uni-trier.de/rec/bib/conf/istcs/1996},
	Date-Added = {2017-04-12 12:44:28 +0000},
	Date-Modified = {2017-04-12 12:44:28 +0000},
	Isbn = {0-8186-7610-8},
	Publisher = {{IEEE} Computer Society},
	Timestamp = {Tue, 31 May 2016 15:27:26 +0200},
	Title = {Fourth Israel Symposium on Theory of Computing and Systems, {ISTCS} 1996, Jerusalem, Israel, June 10-12, 1996, Proceedings},
	Year = {1996}}

@book{dp,
	Address = {New York, NY, USA},
	Author = {Dubhashi, Devdatt P. and Panconesi, Alessandro},
	Isbn = {1107606608, 9781107606609},
	Publisher = {Cambridge University Press},
	Title = {Concentration of Measure for the Analysis of Randomized Algorithms},
	Year = {2012}}

@proceedings{DBLP:conf/ccs/2016,
	Bibsource = {dblp computer science bibliography, http://dblp.org},
	Biburl = {http://dblp.uni-trier.de/rec/bib/conf/ccs/2016},
	Date-Added = {2017-02-14 01:56:19 +0000},
	Date-Modified = {2017-02-14 01:56:19 +0000},
	Editor = {Edgar R. Weippl and Stefan Katzenbeisser and Christopher Kruegel and Andrew C. Myers and Shai Halevi},
	Isbn = {978-1-4503-4139-4},
	Publisher = {{ACM}},
	Timestamp = {Mon, 24 Oct 2016 15:38:42 +0200},
	Title = {Proceedings of the 2016 {ACM} {SIGSAC} Conference on Computer and Communications Security, Vienna, Austria, October 24-28, 2016},
	Url = {http://dl.acm.org/citation.cfm?id=2976749},
	Year = {2016},
	Bdsk-Url-1 = {http://dl.acm.org/citation.cfm?id=2976749}}

@inproceedings{DBLP:conf/ccs/KumaresanVV16,
	Author = {Ranjit Kumaresan and Vinod Vaikuntanathan and Prashant Nalini Vasudevan},
	Bibsource = {dblp computer science bibliography, http://dblp.org},
	Biburl = {http://dblp.uni-trier.de/rec/bib/conf/ccs/KumaresanVV16},
	Booktitle = {Proceedings of the 2016 {ACM} {SIGSAC} Conference on Computer and Communications Security, Vienna, Austria, October 24-28, 2016},
	Crossref = {DBLP:conf/ccs/2016},
	Date-Added = {2017-02-14 01:24:18 +0000},
	Date-Modified = {2017-02-14 01:24:18 +0000},
	Doi = {10.1145/2976749.2978421},
	Pages = {406--417},
	Timestamp = {Mon, 24 Oct 2016 18:57:12 +0200},
	Title = {Improvements to Secure Computation with Penalties},
	Url = {http://doi.acm.org/10.1145/2976749.2978421},
	Year = {2016},
	Bdsk-Url-1 = {http://doi.acm.org/10.1145/2976749.2978421},
	Bdsk-Url-2 = {http://dx.doi.org/10.1145/2976749.2978421}}

@inproceedings{DBLP:conf/ccs/KumaresanB16,
	Author = {Ranjit Kumaresan and Iddo Bentov},
	Bibsource = {dblp computer science bibliography, http://dblp.org},
	Biburl = {http://dblp.uni-trier.de/rec/bib/conf/ccs/KumaresanB16},
	Booktitle = {Proceedings of the 2016 {ACM} {SIGSAC} Conference on Computer and Communications Security, Vienna, Austria, October 24-28, 2016},
	Crossref = {DBLP:conf/ccs/2016},
	Date-Added = {2017-02-14 01:23:59 +0000},
	Date-Modified = {2017-02-14 01:23:59 +0000},
	Doi = {10.1145/2976749.2978424},
	Pages = {418--429},
	Timestamp = {Mon, 24 Oct 2016 18:57:12 +0200},
	Title = {Amortizing Secure Computation with Penalties},
	Url = {http://doi.acm.org/10.1145/2976749.2978424},
	Year = {2016},
	Bdsk-Url-1 = {http://doi.acm.org/10.1145/2976749.2978424},
	Bdsk-Url-2 = {http://dx.doi.org/10.1145/2976749.2978424}}

@inproceedings{yao82,
	Author = {Andrew Chi-Chih Yao},
	Bibsource = {DBLP, http://dblp.uni-trier.de},
	Booktitle = {FOCS},
	Crossref = {DBLP:conf/focs/FOCS23},
	Pages = {160-164},
	Title = {Protocols for Secure Computations (Extended Abstract)},
	Year = {1982}}

@proceedings{DBLP:conf/focs/FOCS23,
	Bibsource = {DBLP, http://dblp.uni-trier.de},
	Booktitle = {FOCS},
	Publisher = {IEEE},
	Title = {23rd Annual Symposium on Foundations of Computer Science, 3-5 November 1982, Chicago, Illinois, USA},
	Year = {1982}}

@inproceedings{gmw87,
	Author = {Oded Goldreich and Silvio Micali and Avi Wigderson},
	Bibsource = {DBLP, http://dblp.uni-trier.de},
	Booktitle = {STOC},
	Crossref = {DBLP:conf/stoc/STOC19},
	Pages = {218-229},
	Title = {How to Play any Mental Game or A Completeness Theorem for Protocols with Honest Majority},
	Year = {1987}}

@proceedings{DBLP:conf/stoc/STOC19,
	Bibsource = {DBLP, http://dblp.uni-trier.de},
	Booktitle = {STOC},
	Publisher = {ACM},
	Title = {Proceedings of the Nineteenth Annual ACM Symposium on Theory of Computing, 25-27 May 1987, New York City, NY, USA},
	Year = {1987}}

@inproceedings{DBLP:conf/eurocrypt/KiayiasZZ16,
	Author = {Aggelos Kiayias and Hong{-}Sheng Zhou and Vassilis Zikas},
	Bibsource = {dblp computer science bibliography, http://dblp.org},
	Biburl = {http://dblp.uni-trier.de/rec/bib/conf/eurocrypt/KiayiasZZ16},
	Booktitle = {Advances in Cryptology - {EUROCRYPT} 2016 - 35th Annual International Conference on the Theory and Applications of Cryptographic Techniques, Vienna, Austria, May 8-12, 2016, Proceedings, Part {II}},
	Crossref = {DBLP:conf/eurocrypt/2016-2},
	Doi = {10.1007/978-3-662-49896-5_25},
	Pages = {705--734},
	Timestamp = {Fri, 29 Apr 2016 15:23:20 +0200},
	Title = {Fair and Robust Multi-party Computation Using a Global Transaction Ledger},
	Url = {http://dx.doi.org/10.1007/978-3-662-49896-5_25},
	Year = {2016},
	Bdsk-Url-1 = {http://dx.doi.org/10.1007/978-3-662-49896-5_25}}

@proceedings{DBLP:conf/eurocrypt/2016-2,
	Bibsource = {dblp computer science bibliography, http://dblp.org},
	Biburl = {http://dblp.uni-trier.de/rec/bib/conf/eurocrypt/2016-2},
	Doi = {10.1007/978-3-662-49896-5},
	Editor = {Marc Fischlin and Jean{-}S{\'{e}}bastien Coron},
	Isbn = {978-3-662-49895-8},
	Publisher = {Springer},
	Series = {Lecture Notes in Computer Science},
	Timestamp = {Fri, 29 Apr 2016 15:22:09 +0200},
	Title = {Advances in Cryptology - {EUROCRYPT} 2016 - 35th Annual International Conference on the Theory and Applications of Cryptographic Techniques, Vienna, Austria, May 8-12, 2016, Proceedings, Part {II}},
	Url = {http://dx.doi.org/10.1007/978-3-662-49896-5},
	Volume = {9666},
	Year = {2016},
	Bdsk-Url-1 = {http://dx.doi.org/10.1007/978-3-662-49896-5}}

@inproceedings{DBLP:conf/fc/CromanDEGJKMSSS16,
	Author = {Kyle Croman and Christian Decker and Ittay Eyal and Adem Efe Gencer and Ari Juels and Ahmed E. Kosba and Andrew Miller and Prateek Saxena and Elaine Shi and Emin G{\"{u}}n Sirer and Dawn Song and Roger Wattenhofer},
	Bibsource = {dblp computer science bibliography, http://dblp.org},
	Biburl = {http://dblp.uni-trier.de/rec/bib/conf/fc/CromanDEGJKMSSS16},
	Booktitle = {Financial Cryptography and Data Security - {FC} 2016 International Workshops, BITCOIN, VOTING, and WAHC, Christ Church, Barbados, February 26, 2016, Revised Selected Papers},
	Crossref = {DBLP:conf/fc/2016w},
	Doi = {10.1007/978-3-662-53357-4_8},
	Pages = {106--125},
	Timestamp = {Wed, 31 Aug 2016 11:20:19 +0200},
	Title = {On Scaling Decentralized Blockchains - {(A} Position Paper)},
	Url = {http://dx.doi.org/10.1007/978-3-662-53357-4_8},
	Year = {2016},
	Bdsk-Url-1 = {http://dx.doi.org/10.1007/978-3-662-53357-4_8}}

@proceedings{DBLP:conf/fc/2016w,
	Bibsource = {dblp computer science bibliography, http://dblp.org},
	Biburl = {http://dblp.uni-trier.de/rec/bib/conf/fc/2016w},
	Doi = {10.1007/978-3-662-53357-4},
	Editor = {Jeremy Clark and Sarah Meiklejohn and Peter Y. A. Ryan and Dan S. Wallach and Michael Brenner and Kurt Rohloff},
	Isbn = {978-3-662-53356-7},
	Publisher = {Springer},
	Series = {Lecture Notes in Computer Science},
	Timestamp = {Wed, 31 Aug 2016 11:18:50 +0200},
	Title = {Financial Cryptography and Data Security - {FC} 2016 International Workshops, BITCOIN, VOTING, and WAHC, Christ Church, Barbados, February 26, 2016, Revised Selected Papers},
	Url = {http://dx.doi.org/10.1007/978-3-662-53357-4},
	Volume = {9604},
	Year = {2016},
	Bdsk-Url-1 = {http://dx.doi.org/10.1007/978-3-662-53357-4}}

@article{DBLP:journals/iacr/GarayKL16,
	Author = {Juan A. Garay and Aggelos Kiayias and Nikos Leonardos},
	Bibsource = {dblp computer science bibliography, http://dblp.org},
	Biburl = {http://dblp.uni-trier.de/rec/bib/journals/iacr/GarayKL16},
	Date-Added = {2017-02-13 13:21:16 +0000},
	Date-Modified = {2017-02-13 13:21:16 +0000},
	Journal = {{IACR} Cryptology ePrint Archive},
	Pages = {1048},
	Timestamp = {Wed, 09 Nov 2016 14:18:23 +0100},
	Title = {The Bitcoin Backbone Protocol with Chains of Variable Difficulty},
	Url = {http://eprint.iacr.org/2016/1048},
	Volume = {2016},
	Year = {2016},
	Bdsk-Url-1 = {http://eprint.iacr.org/2016/1048}}

@article{DBLP:journals/jacm/DworkLS88,
	Author = {Cynthia Dwork and Nancy A. Lynch and Larry J. Stockmeyer},
	Bibsource = {dblp computer science bibliography, http://dblp.org},
	Biburl = {http://dblp.uni-trier.de/rec/bib/journals/jacm/DworkLS88},
	Date-Added = {2016-11-22 16:55:25 +0000},
	Date-Modified = {2016-11-22 16:55:25 +0000},
	Doi = {10.1145/42282.42283},
	Journal = {J. {ACM}},
	Number = {2},
	Pages = {288--323},
	Timestamp = {Thu, 20 Nov 2003 12:28:07 +0100},
	Title = {Consensus in the presence of partial synchrony},
	Url = {http://doi.acm.org/10.1145/42282.42283},
	Volume = {35},
	Year = {1988},
	Bdsk-Url-1 = {http://doi.acm.org/10.1145/42282.42283},
	Bdsk-Url-2 = {http://dx.doi.org/10.1145/42282.42283}}

@misc{p2pmixing,
	Author = {Tim Ruffing and Pedro Moreno-Sanchez and Aniket Kate},
	Date-Added = {2016-09-30 10:37:36 +0000},
	Date-Modified = {2016-09-30 10:38:00 +0000},
	Howpublished = {Cryptology ePrint Archive, Report 2016/824},
	Note = {\url{http://eprint.iacr.org/2016/824}},
	Title = {P2P Mixing and Unlinkable Bitcoin Transactions},
	Year = {2016}}

@article{DBLP:journals/joc/Chaum88,
	Author = {David Chaum},
	Bibsource = {dblp computer science bibliography, http://dblp.org},
	Biburl = {http://dblp.uni-trier.de/rec/bib/journals/joc/Chaum88},
	Date-Added = {2016-09-30 10:34:26 +0000},
	Date-Modified = {2016-09-30 10:34:26 +0000},
	Doi = {10.1007/BF00206326},
	Journal = {J. Cryptology},
	Number = {1},
	Pages = {65--75},
	Timestamp = {Tue, 24 May 2011 14:17:59 +0200},
	Title = {The Dining Cryptographers Problem: Unconditional Sender and Recipient Untraceability},
	Url = {http://dx.doi.org/10.1007/BF00206326},
	Volume = {1},
	Year = {1988},
	Bdsk-Url-1 = {http://dx.doi.org/10.1007/BF00206326}}

@article{DBLP:journals/cacm/Chaum81,
	Author = {David Chaum},
	Bibsource = {dblp computer science bibliography, http://dblp.org},
	Biburl = {http://dblp.uni-trier.de/rec/bib/journals/cacm/Chaum81},
	Date-Added = {2016-09-30 10:33:44 +0000},
	Date-Modified = {2016-09-30 10:33:44 +0000},
	Doi = {10.1145/358549.358563},
	Journal = {Commun. {ACM}},
	Number = {2},
	Pages = {84--88},
	Timestamp = {Tue, 07 Jun 2011 16:51:22 +0200},
	Title = {Untraceable Electronic Mail, Return Addresses, and Digital Pseudonyms},
	Url = {http://doi.acm.org/10.1145/358549.358563},
	Volume = {24},
	Year = {1981},
	Bdsk-Url-1 = {http://doi.acm.org/10.1145/358549.358563},
	Bdsk-Url-2 = {http://dx.doi.org/10.1145/358549.358563}}

@inproceedings{DBLP:conf/tcc/KatzMTZ13,
	Author = {Jonathan Katz and Ueli Maurer and Bj{\"{o}}rn Tackmann and Vassilis Zikas},
	Bibsource = {dblp computer science bibliography, http://dblp.org},
	Biburl = {http://dblp.uni-trier.de/rec/bib/conf/tcc/KatzMTZ13},
	Booktitle = {{TCC}},
	Date-Added = {2016-09-29 15:55:12 +0000},
	Date-Modified = {2016-09-29 15:55:12 +0000},
	Doi = {10.1007/978-3-642-36594-2_27},
	Pages = {477--498},
	Timestamp = {Thu, 07 Feb 2013 11:23:04 +0100},
	Title = {Universally Composable Synchronous Computation},
	Url = {http://dx.doi.org/10.1007/978-3-642-36594-2_27},
	Year = {2013},
	Bdsk-Url-1 = {http://dx.doi.org/10.1007/978-3-642-36594-2_27}}

@misc{Canetti-UC,
	Author = {Ran Canetti},
	Date-Added = {2016-09-29 15:53:30 +0000},
	Date-Modified = {2016-09-29 15:54:05 +0000},
	Howpublished = {Cryptology ePrint Archive, Report 2000/067},
	Note = {\url{http://eprint.iacr.org/2000/067}},
	Title = {Universally Composable Security: A New Paradigm for Cryptographic Protocols},
	Year = {2000}}

@inproceedings{Canetti01,
	Author = {Ran Canetti},
	Bibsource = {dblp computer science bibliography, http://dblp.org},
	Biburl = {http://dblp.uni-trier.de/rec/bib/conf/focs/Canetti01},
	Booktitle = {42nd Annual Symposium on Foundations of Computer Science, {FOCS} 2001, 14-17 October 2001, Las Vegas, Nevada, {USA}},
	Crossref = {DBLP:conf/focs/2001},
	Date-Added = {2016-09-29 15:51:03 +0000},
	Date-Modified = {2016-09-29 15:53:58 +0000},
	Doi = {10.1109/SFCS.2001.959888},
	Pages = {136--145},
	Timestamp = {Tue, 16 Dec 2014 09:57:20 +0100},
	Title = {Universally Composable Security: {A} New Paradigm for Cryptographic Protocols},
	Url = {http://dx.doi.org/10.1109/SFCS.2001.959888},
	Year = {2001},
	Bdsk-Url-1 = {http://dx.doi.org/10.1109/SFCS.2001.959888}}

@proceedings{DBLP:conf/focs/2001,
	Bibsource = {dblp computer science bibliography, http://dblp.org},
	Biburl = {http://dblp.uni-trier.de/rec/bib/conf/focs/2001},
	Date-Added = {2016-09-29 15:51:03 +0000},
	Date-Modified = {2016-09-29 15:51:03 +0000},
	Isbn = {0-7695-1390-5},
	Publisher = {{IEEE} Computer Society},
	Timestamp = {Mon, 15 Dec 2014 18:48:44 +0100},
	Title = {42nd Annual Symposium on Foundations of Computer Science, {FOCS} 2001, 14-17 October 2001, Las Vegas, Nevada, {USA}},
	Url = {http://ieeexplore.ieee.org/xpl/mostRecentIssue.jsp?punumber=7601},
	Year = {2001},
	Bdsk-Url-1 = {http://ieeexplore.ieee.org/xpl/mostRecentIssue.jsp?punumber=7601}}

@inproceedings{GKL15,
	Author = {Juan A. Garay and Aggelos Kiayias and Nikos Leonardos},
	Bibsource = {dblp computer science bibliography, http://dblp.org},
	Biburl = {http://dblp.uni-trier.de/rec/bib/conf/eurocrypt/GarayKL15},
	Booktitle = {Advances in Cryptology - {EUROCRYPT} 2015 - 34th Annual International Conference on the Theory and Applications of Cryptographic Techniques, Sofia, Bulgaria, April 26-30, 2015, Proceedings, Part {II}},
	Crossref = {DBLP:conf/eurocrypt/2015-2},
	Date-Added = {2016-09-29 15:19:17 +0000},
	Date-Modified = {2016-09-29 15:19:49 +0000},
	Doi = {10.1007/978-3-662-46803-6_10},
	Pages = {281--310},
	Timestamp = {Tue, 14 Apr 2015 13:59:22 +0200},
	Title = {The Bitcoin Backbone Protocol: Analysis and Applications},
	Url = {http://dx.doi.org/10.1007/978-3-662-46803-6_10},
	Year = {2015},
	Bdsk-Url-1 = {http://dx.doi.org/10.1007/978-3-662-46803-6_10}}

@misc{GKL15NEW,
    author = {Juan Garay and Aggelos Kiayias and Nikos Leonardos},
    title = {The Bitcoin Backbone Protocol: Analysis and Applications},
    howpublished = {Cryptology ePrint Archive, Report 2014/765},
    year = {2014},
    note = {\url{https://eprint.iacr.org/2014/765}},
}

@article{KP16,
	Author = {Aggelos Kiayias and Giorgos Panagiotakos},
	Bibsource = {dblp computer science bibliography, http://dblp.org},
	Biburl = {http://dblp.uni-trier.de/rec/bib/journals/iacr/KiayiasP16},
	Date-Added = {2016-09-29 15:00:37 +0000},
	Date-Modified = {2016-09-29 15:00:41 +0000},
	Journal = {{IACR} Cryptology ePrint Archive},
	Pages = {545},
	Timestamp = {Sat, 11 Jun 2016 18:59:57 +0200},
	Title = {On Trees, Chains and Fast Transactions in the Blockchain},
	Url = {http://eprint.iacr.org/2016/545},
	Volume = {2016},
	Year = {2016},
	Bdsk-Url-1 = {http://eprint.iacr.org/2016/545}}

@article{PSS16,
	Author = {Rafael Pass and Lior Seeman and Abhi Shelat},
	Bibsource = {dblp computer science bibliography, http://dblp.org},
	Biburl = {http://dblp.uni-trier.de/rec/bib/journals/iacr/PassSS16},
	Date-Added = {2016-09-29 14:59:50 +0000},
	Date-Modified = {2016-09-29 14:59:53 +0000},
	Journal = {{IACR} Cryptology ePrint Archive},
	Pages = {454},
	Timestamp = {Sat, 11 Jun 2016 18:59:57 +0200},
	Title = {Analysis of the Blockchain Protocol in Asynchronous Networks},
	Url = {http://eprint.iacr.org/2016/454},
	Volume = {2016},
	Year = {2016},
	Bdsk-Url-1 = {http://eprint.iacr.org/2016/454}}

@article{KP15,
	Author = {Aggelos Kiayias and Giorgos Panagiotakos},
	Bibsource = {dblp computer science bibliography, http://dblp.org},
	Biburl = {http://dblp.uni-trier.de/rec/bib/journals/iacr/KiayiasP15},
	Date-Added = {2016-09-29 14:59:14 +0000},
	Date-Modified = {2016-09-29 14:59:18 +0000},
	Journal = {{IACR} Cryptology ePrint Archive},
	Pages = {1019},
	Timestamp = {Mon, 09 Nov 2015 12:16:04 +0100},
	Title = {Speed-Security Tradeoffs in Blockchain Protocols},
	Url = {http://eprint.iacr.org/2015/1019},
	Volume = {2015},
	Year = {2015},
	Bdsk-Url-1 = {http://eprint.iacr.org/2015/1019}}

@article{DBLP:journals/jacm/DolevRS90,
	Author = {Danny Dolev and R{\"{u}}diger Reischuk and H. Raymond Strong},
	Bibsource = {dblp computer science bibliography, http://dblp.org},
	Biburl = {http://dblp.uni-trier.de/rec/bib/journals/jacm/DolevRS90},
	Date-Added = {2016-09-07 15:10:44 +0000},
	Date-Modified = {2016-09-07 15:10:44 +0000},
	Doi = {10.1145/96559.96565},
	Journal = {J. {ACM}},
	Number = {4},
	Pages = {720--741},
	Timestamp = {Thu, 20 Nov 2003 12:28:07 +0100},
	Title = {Early Stopping in Byzantine Agreement},
	Url = {http://doi.acm.org/10.1145/96559.96565},
	Volume = {37},
	Year = {1990},
	Bdsk-Url-1 = {http://doi.acm.org/10.1145/96559.96565},
	Bdsk-Url-2 = {http://dx.doi.org/10.1145/96559.96565}}

@proceedings{DBLP:conf/ccs/1993,
	Bibsource = {dblp computer science bibliography, http://dblp.org},
	Biburl = {http://dblp.uni-trier.de/rec/bib/conf/ccs/1993},
	Date-Added = {2014-09-29 14:40:11 +0000},
	Date-Modified = {2014-09-29 14:40:11 +0000},
	Editor = {Dorothy E. Denning and Raymond Pyle and Ravi Ganesan and Ravi S. Sandhu and Victoria Ashby},
	Isbn = {0-89791-629-8},
	Publisher = {{ACM}},
	Timestamp = {Mon, 29 Sep 2014 16:39:54 +0200},
	Title = {{CCS} '93, Proceedings of the 1st {ACM} Conference on Computer and Communications Security, Fairfax, Virginia, USA, November 3-5, 1993},
	Url = {http://dl.acm.org/citation.cfm?id=168588},
	Year = {1993},
	Bdsk-Url-1 = {http://dl.acm.org/citation.cfm?id=168588}}

@inproceedings{DBLP:conf/ccs/BellareR93,
	Author = {Mihir Bellare and Phillip Rogaway},
	Bibsource = {dblp computer science bibliography, http://dblp.org},
	Biburl = {http://dblp.uni-trier.de/rec/bib/conf/ccs/BellareR93},
	Booktitle = {{CCS} '93, Proceedings of the 1st {ACM} Conference on Computer and Communications Security, Fairfax, Virginia, USA, November 3-5, 1993.},
	Crossref = {DBLP:conf/ccs/1993},
	Date-Added = {2014-09-29 14:40:06 +0000},
	Date-Modified = {2014-09-29 14:40:06 +0000},
	Doi = {10.1145/168588.168596},
	Pages = {62--73},
	Timestamp = {Mon, 29 Sep 2014 16:39:54 +0200},
	Title = {Random Oracles are Practical: {A} Paradigm for Designing Efficient Protocols},
	Url = {http://doi.acm.org/10.1145/168588.168596},
	Year = {1993},
	Bdsk-Url-1 = {http://doi.acm.org/10.1145/168588.168596},
	Bdsk-Url-2 = {http://dx.doi.org/10.1145/168588.168596}}

@misc{BK14ccs,
	Author = {Iddo Bentov and Ranjit Kumaresan},
	Date-Added = {2014-09-24 06:41:04 +0000},
	Date-Modified = {2014-09-24 06:46:07 +0000},
	Howpublished = {ACM CCS 2014},
	Title = {How to Use Bitcoin to Incentivize Correct Computations},
	Year = {2014}}

@misc{cite-key,
	Crossref = {DBLP:conf/crypto/BentovK14},
	Date-Added = {2014-09-24 06:40:39 +0000},
	Date-Modified = {2014-09-24 06:40:39 +0000}}

@proceedings{DBLP:conf/crypto/2014-2,
	Bibsource = {dblp computer science bibliography, http://dblp.org},
	Biburl = {http://dblp.uni-trier.de/rec/bib/conf/crypto/2014-2},
	Date-Added = {2014-09-22 21:59:01 +0000},
	Date-Modified = {2014-09-22 21:59:01 +0000},
	Doi = {10.1007/978-3-662-44381-1},
	Editor = {Juan A. Garay and Rosario Gennaro},
	Isbn = {978-3-662-44380-4},
	Publisher = {Springer},
	Series = {Lecture Notes in Computer Science},
	Timestamp = {Mon, 22 Sep 2014 23:52:46 +0200},
	Title = {Advances in Cryptology - {CRYPTO} 2014 - 34th Annual Cryptology Conference, Santa Barbara, CA, USA, August 17-21, 2014, Proceedings, Part {II}},
	Url = {http://dx.doi.org/10.1007/978-3-662-44381-1},
	Volume = {8617},
	Year = {2014},
	Bdsk-Url-1 = {http://dx.doi.org/10.1007/978-3-662-44381-1}}

@misc{ADMM14,
	Author = {Marcin Andrychowicz and Stefan Dziembowski and Daniel Malinowski and {\L}ukasz Mazurek},
	Date-Added = {2014-09-22 21:57:19 +0000},
	Date-Modified = {2014-09-24 06:44:15 +0000},
	Howpublished = {IEEE Security and Privacy},
	Title = {Secure Multiparty Computations on Bitcoin},
	Year = {2014}}

@inproceedings{DBLP:conf/crypto/BentovK14,
	Author = {Iddo Bentov and Ranjit Kumaresan},
	Bibsource = {dblp computer science bibliography, http://dblp.org},
	Biburl = {http://dblp.uni-trier.de/rec/bib/conf/crypto/BentovK14},
	Booktitle = {Advances in Cryptology - {CRYPTO} 2014 - 34th Annual Cryptology Conference, Santa Barbara, CA, USA, August 17-21, 2014, Proceedings, Part {II}},
	Crossref = {DBLP:conf/crypto/2014-2},
	Date-Added = {2014-09-22 21:53:16 +0000},
	Date-Modified = {2014-09-22 21:53:16 +0000},
	Doi = {10.1007/978-3-662-44381-1_24},
	Pages = {421--439},
	Timestamp = {Mon, 22 Sep 2014 23:52:46 +0200},
	Title = {How to Use Bitcoin to Design Fair Protocols},
	Url = {http://dx.doi.org/10.1007/978-3-662-44381-1_24},
	Year = {2014},
	Bdsk-Url-1 = {http://dx.doi.org/10.1007/978-3-662-44381-1_24}}

@article{DBLP:journals/iacr/SompolinskyZ13,
	Author = {Yonatan Sompolinsky and Aviv Zohar},
	Bibsource = {dblp computer science bibliography, http://dblp.org},
	Biburl = {http://dblp.uni-trier.de/rec/bib/journals/iacr/SompolinskyZ13},
	Date-Added = {2014-09-11 10:08:24 +0000},
	Date-Modified = {2014-09-11 10:08:24 +0000},
	Journal = {{IACR} Cryptology ePrint Archive},
	Pages = {881},
	Timestamp = {Thu, 11 Sep 2014 12:07:59 +0200},
	Title = {Accelerating Bitcoin's Transaction Processing. Fast Money Grows on Trees, Not Chains},
	Url = {http://eprint.iacr.org/2013/881},
	Volume = {2013},
	Year = {2013},
	Bdsk-Url-1 = {http://eprint.iacr.org/2013/881}}

@inproceedings{DBLP:conf/ftcs/BermanG93,
	Author = {Piotr Berman and Juan A. Garay},
	Bibsource = {dblp computer science bibliography, http://dblp.org},
	Biburl = {http://dblp.uni-trier.de/rec/bib/conf/ftcs/BermanG93},
	Booktitle = {Digest of Papers: FTCS-23, The Twenty-Third Annual International Symposium on Fault-Tolerant Computing, Toulouse, France, June 22-24, 1993},
	Crossref = {DBLP:conf/ftcs/1993},
	Doi = {10.1109/FTCS.1993.627344},
	Pages = {412--419},
	Timestamp = {Tue, 09 Sep 2014 08:19:51 +0200},
	Title = {Randomized Distributed Agreement Revisited},
	Url = {http://doi.ieeecomputersociety.org/10.1109/FTCS.1993.627344},
	Year = {1993},
	Bdsk-Url-1 = {http://doi.ieeecomputersociety.org/10.1109/FTCS.1993.627344},
	Bdsk-Url-2 = {http://dx.doi.org/10.1109/FTCS.1993.627344}}

@proceedings{DBLP:conf/ftcs/1993,
	Bibsource = {dblp computer science bibliography, http://dblp.org},
	Biburl = {http://dblp.uni-trier.de/rec/bib/conf/ftcs/1993},
	Isbn = {0-8186-3680-7},
	Publisher = {{IEEE} Computer Society},
	Timestamp = {Tue, 09 Sep 2014 08:19:51 +0200},
	Title = {Digest of Papers: FTCS-23, The Twenty-Third Annual International Symposium on Fault-Tolerant Computing, Toulouse, France, June 22-24, 1993},
	Year = {1993}}

@inproceedings{DBLP:conf/crypto/DworkN92,
	Author = {Cynthia Dwork and Moni Naor},
	Bibsource = {DBLP, http://dblp.uni-trier.de},
	Booktitle = {CRYPTO},
	Crossref = {DBLP:conf/crypto/1992},
	Date-Added = {2014-08-31 07:18:34 +0000},
	Date-Modified = {2014-08-31 07:18:34 +0000},
	Ee = {http://dx.doi.org/10.1007/3-540-48071-4_10},
	Pages = {139-147},
	Title = {Pricing via Processing or Combatting Junk Mail},
	Year = {1992}}

@proceedings{DBLP:conf/crypto/1992,
	Bibsource = {DBLP, http://dblp.uni-trier.de},
	Booktitle = {CRYPTO},
	Date-Added = {2014-08-31 07:18:34 +0000},
	Date-Modified = {2014-08-31 07:18:34 +0000},
	Editor = {Ernest F. Brickell},
	Isbn = {3-540-57340-2},
	Publisher = {Springer},
	Series = {Lecture Notes in Computer Science},
	Title = {Advances in Cryptology - CRYPTO '92, 12th Annual International Cryptology Conference, Santa Barbara, California, USA, August 16-20, 1992, Proceedings},
	Volume = {740},
	Year = {1993}}

@misc{hashcash,
	Author = {Adam Back},
	Date-Added = {2014-08-30 18:42:12 +0000},
	Date-Modified = {2014-08-30 18:42:37 +0000},
	Howpublished = {http://www.cypherspace.org/hashcash},
	Title = {Hashcash},
	Year = {1997}}

@inproceedings{DBLP:conf/wdag/Borderding96,
	Author = {Malte Borderding},
	Bibsource = {dblp computer science bibliography, http://dblp.org},
	Biburl = {http://dblp.uni-trier.de/rec/bib/conf/wdag/Borderding96},
	Booktitle = {Distributed Algorithms, 10th International Workshop, {WDAG} '96, Bologna, Italy, October 9-11, 1996, Proceedings},
	Crossref = {DBLP:conf/wdag/1996},
	Doi = {10.1007/3-540-61769-8_4},
	Pages = {40--55},
	Timestamp = {Thu, 15 Oct 2009 14:00:48 +0200},
	Title = {Levels of Authentication in Distributed Agreement},
	Url = {http://dx.doi.org/10.1007/3-540-61769-8_4},
	Year = {1996},
	Bdsk-Url-1 = {http://dx.doi.org/10.1007/3-540-61769-8_4}}

@proceedings{DBLP:conf/wdag/1996,
	Bibsource = {dblp computer science bibliography, http://dblp.org},
	Biburl = {http://dblp.uni-trier.de/rec/bib/conf/wdag/1996},
	Editor = {{\"{O}}zalp Babaoglu and Keith Marzullo},
	Isbn = {3-540-61769-8},
	Publisher = {Springer},
	Series = {Lecture Notes in Computer Science},
	Timestamp = {Thu, 05 Jun 2003 14:54:56 +0200},
	Title = {Distributed Algorithms, 10th International Workshop, {WDAG} '96, Bologna, Italy, October 9-11, 1996, Proceedings},
	Volume = {1151},
	Year = {1996}}

@techreport{RSW1996,
	Address = {Cambridge, MA, USA},
	Author = {Rivest, R. L. and Shamir, A. and Wagner, D. A.},
	Date-Added = {2014-08-30 18:41:18 +0000},
	Date-Modified = {2014-08-30 18:41:26 +0000},
	Publisher = {Massachusetts Institute of Technology},
	Source = {http://www.ncstrl.org:8900/ncstrl/servlet/search?formname=detail\&id=oai%3Ancstrlh%3Amitai%3AMIT-LCS%2F%2FMIT%2FLCS%2FTR-684},
	Title = {Time-lock Puzzles and Timed-release Crypto},
	Year = {1996}}

@inproceedings{DBLP:conf/ndss/JuelsB99,
	Author = {Ari Juels and John G. Brainard},
	Bibsource = {DBLP, http://dblp.uni-trier.de},
	Booktitle = {NDSS},
	Crossref = {DBLP:conf/ndss/1999},
	Date-Added = {2014-08-30 18:38:29 +0000},
	Date-Modified = {2014-08-30 18:38:29 +0000},
	Ee = {http://www.isoc.org/isoc/conferences/ndss/99/proceedings/papers/juels.pdf},
	Title = {Client Puzzles: A Cryptographic Countermeasure Against Connection Depletion Attacks},
	Year = {1999}}

@proceedings{DBLP:conf/ndss/1999,
	Bibsource = {DBLP, http://dblp.uni-trier.de},
	Booktitle = {NDSS},
	Date-Added = {2014-08-30 18:38:29 +0000},
	Date-Modified = {2014-08-30 18:38:29 +0000},
	Isbn = {1-891562-04-5, 1-891562-05-3},
	Publisher = {The Internet Society},
	Title = {Proceedings of the Network and Distributed System Security Symposium, NDSS 1999, San Diego, California, USA},
	Year = {1999}}

@article{DBLP:journals/jacm/FischerLP85,
	Author = {Michael J. Fischer and Nancy A. Lynch and Mike Paterson},
	Bibsource = {DBLP, http://dblp.uni-trier.de},
	Date-Added = {2014-08-30 18:19:49 +0000},
	Date-Modified = {2014-08-30 18:19:49 +0000},
	Ee = {http://doi.acm.org/10.1145/3149.214121},
	Journal = {J. ACM},
	Number = {2},
	Pages = {374-382},
	Title = {Impossibility of Distributed Consensus with One Faulty Process},
	Volume = {32},
	Year = {1985}}

@article{DBLP:journals/toplas/LamportSP82,
	Author = {Leslie Lamport and Robert E. Shostak and Marshall C. Pease},
	Bibsource = {DBLP, http://dblp.uni-trier.de},
	Date-Added = {2014-08-30 18:18:14 +0000},
	Date-Modified = {2014-08-30 18:18:14 +0000},
	Ee = {http://doi.acm.org/10.1145/357172.357176},
	Journal = {ACM Trans. Program. Lang. Syst.},
	Number = {3},
	Pages = {382-401},
	Title = {The Byzantine Generals Problem},
	Volume = {4},
	Year = {1982}}

@article{DBLP:journals/jacm/PeaseSL80,
	Author = {Marshall C. Pease and Robert E. Shostak and Leslie Lamport},
	Bibsource = {DBLP, http://dblp.uni-trier.de},
	Date-Added = {2014-08-30 18:17:17 +0000},
	Date-Modified = {2014-08-30 18:17:17 +0000},
	Ee = {http://doi.acm.org/10.1145/322186.322188},
	Journal = {J. ACM},
	Number = {2},
	Pages = {228-234},
	Title = {Reaching Agreement in the Presence of Faults},
	Volume = {27},
	Year = {1980}}

@article{DBLP:journals/siamcomp/DolevS83,
	Author = {Danny Dolev and H. Raymond Strong},
	Bibsource = {DBLP, http://dblp.uni-trier.de},
	Date-Added = {2014-08-30 17:52:07 +0000},
	Date-Modified = {2014-08-30 17:52:07 +0000},
	Ee = {http://dx.doi.org/10.1137/0212045},
	Journal = {SIAM J. Comput.},
	Number = {4},
	Pages = {656-666},
	Title = {Authenticated Algorithms for Byzantine Agreement},
	Volume = {12},
	Year = {1983}}

@misc{Okun-thesis,
	Author = {Michael Okun},
	Date-Added = {2014-08-30 17:22:28 +0000},
	Date-Modified = {2014-08-30 17:23:31 +0000},
	Howpublished = {Ph.D. Thesis Hebrew University of Jerusalem},
	Title = {Distributed Computing Among Unacquainted Processors in the Presence of Byzantine Distributed Computing Among Unacquainted Processors in the Presence of Byzantine Failures},
	Year = {2005}}

@inproceedings{DBLP:conf/wdag/Okun05,
	Author = {Michael Okun},
	Bibsource = {DBLP, http://dblp.uni-trier.de},
	Booktitle = {DISC},
	Crossref = {DBLP:conf/wdag/2005},
	Date-Added = {2014-08-30 16:54:14 +0000},
	Date-Modified = {2014-08-30 16:54:14 +0000},
	Ee = {http://dx.doi.org/10.1007/11561927_40},
	Pages = {499-500},
	Title = {Agreement Among Unacquainted Byzantine Generals},
	Year = {2005}}

@proceedings{DBLP:conf/wdag/2005,
	Bibsource = {DBLP, http://dblp.uni-trier.de},
	Booktitle = {DISC},
	Date-Added = {2014-08-30 16:54:14 +0000},
	Date-Modified = {2014-08-30 16:54:14 +0000},
	Editor = {Pierre Fraigniaud},
	Isbn = {3-540-29163-6},
	Publisher = {Springer},
	Series = {Lecture Notes in Computer Science},
	Title = {Distributed Computing, 19th International Conference, DISC 2005, Cracow, Poland, September 26-29, 2005, Proceedings},
	Volume = {3724},
	Year = {2005}}

@article{DBLP:journals/ipl/Neiger94,
	Author = {Gil Neiger},
	Bibsource = {DBLP, http://dblp.uni-trier.de},
	Date-Added = {2014-08-30 15:32:32 +0000},
	Date-Modified = {2014-08-30 15:32:32 +0000},
	Ee = {http://dx.doi.org/10.1016/0020-0190(94)90011-6},
	Journal = {Inf. Process. Lett.},
	Number = {4},
	Pages = {195-201},
	Title = {Distributed Consensus Revisited},
	Volume = {49},
	Year = {1994}}

@article{OkunBarak2008,
	Acmid = {1341216},
	Address = {Secaucus, NJ, USA},
	Author = {Okun, Michael and Barak, Amnon},
	Date-Added = {2014-08-30 09:19:44 +0000},
	Date-Modified = {2014-08-30 09:19:55 +0000},
	Doi = {10.1007/s00224-007-9006-9},
	Issn = {1432-4350},
	Issue_Date = {January 2008},
	Journal = {Theor. Comp. Sys.},
	Keywords = {Anonymous distributed algorithms, Anonymous networks, Byzantine agreement, Distributed fault tolerant computing},
	Month = jan,
	Number = {2},
	Numpages = {17},
	Pages = {222--238},
	Publisher = {Springer-Verlag New York, Inc.},
	Title = {Efficient Algorithms for Anonymous Byzantine Agreement},
	Url = {http://dx.doi.org/10.1007/s00224-007-9006-9},
	Volume = {42},
	Year = {2008},
	Bdsk-Url-1 = {http://dx.doi.org/10.1007/s00224-007-9006-9}}

@misc{Nakamoto2009,
	Author = {Satoshi Nakamoto},
	Date-Added = {2014-08-29 11:29:50 +0000},
	Date-Modified = {2014-08-29 11:30:26 +0000},
	Howpublished = {http://p2pfoundation.ning.com/forum/topics/bitcoin-open-source},
	Month = {February},
	Title = {Bitcoin open source implementation of P2P currency},
	Year = {2009}}

@misc{primecoin,
	Author = {Sunny King},
	Date-Added = {2014-08-29 11:12:41 +0000},
	Date-Modified = {2014-08-29 11:13:11 +0000},
	Howpublished = {http://primecoin.io/bin/primecoin-paper.pdf},
	Month = {July},
	Title = {Primecoin: Cryptocurrency with Prime Number Proof-of-Work},
	Year = {2013}}

@article{DBLP:journals/iacr/Ben-SassonCG0MTV14,
	Author = {Eli Ben-Sasson and Alessandro Chiesa and Christina Garman and Matthew Green and Ian Miers and Eran Tromer and Madars Virza},
	Bibsource = {DBLP, http://dblp.uni-trier.de},
	Date-Added = {2014-08-29 11:10:17 +0000},
	Date-Modified = {2014-08-29 11:10:17 +0000},
	Ee = {http://eprint.iacr.org/2014/349},
	Journal = {IACR Cryptology ePrint Archive},
	Pages = {349},
	Title = {Zerocash: Decentralized Anonymous Payments from Bitcoin},
	Volume = {2014},
	Year = {2014}}

@misc{Nakamoto2008,
	Author = {Satoshi Nakamoto},
	Date-Added = {2014-08-29 07:52:21 +0000},
	Date-Modified = {2014-08-29 07:53:56 +0000},
	Howpublished = {http://bitcoin.org/bitcoin.pdf},
	Title = {Bitcoin: A peer-to-peer electronic cash system.},
	Year = {2008}}

@inproceedings{DBLP:conf/fc/BarberBSU12,
	Author = {Simon Barber and Xavier Boyen and Elaine Shi and Ersin Uzun},
	Bibsource = {DBLP, http://dblp.uni-trier.de},
	Booktitle = {Financial Cryptography},
	Crossref = {DBLP:conf/fc/2012},
	Date-Added = {2014-08-29 07:36:26 +0000},
	Date-Modified = {2014-08-29 07:36:26 +0000},
	Ee = {http://dx.doi.org/10.1007/978-3-642-32946-3_29},
	Pages = {399-414},
	Title = {Bitter to Better - How to Make Bitcoin a Better Currency},
	Year = {2012}}

@proceedings{DBLP:conf/fc/2012,
	Bibsource = {DBLP, http://dblp.uni-trier.de},
	Booktitle = {Financial Cryptography},
	Date-Added = {2014-08-29 07:36:26 +0000},
	Date-Modified = {2014-08-29 07:36:26 +0000},
	Editor = {Angelos D. Keromytis},
	Ee = {http://dx.doi.org/10.1007/978-3-642-32946-3},
	Isbn = {978-3-642-32945-6},
	Publisher = {Springer},
	Series = {Lecture Notes in Computer Science},
	Title = {Financial Cryptography and Data Security - 16th International Conference, FC 2012, Kralendijk, Bonaire, Februray 27-March 2, 2012, Revised Selected Papers},
	Volume = {7397},
	Year = {2012}}

@inproceedings{DBLP:conf/sigecom/BabaioffDOZ12,
	Author = {Moshe Babaioff and Shahar Dobzinski and Sigal Oren and Aviv Zohar},
	Bibsource = {DBLP, http://dblp.uni-trier.de},
	Booktitle = {EC},
	Crossref = {DBLP:conf/sigecom/2012},
	Date-Added = {2014-08-29 07:33:23 +0000},
	Date-Modified = {2014-08-29 07:33:23 +0000},
	Ee = {http://doi.acm.org/10.1145/2229012.2229022},
	Pages = {56-73},
	Title = {On bitcoin and red balloons},
	Year = {2012}}

@proceedings{DBLP:conf/sigecom/2012,
	Bibsource = {DBLP, http://dblp.uni-trier.de},
	Booktitle = {EC},
	Date-Added = {2014-08-29 07:33:23 +0000},
	Date-Modified = {2014-08-29 07:33:23 +0000},
	Editor = {Boi Faltings and Kevin Leyton-Brown and Panos Ipeirotis},
	Ee = {http://dl.acm.org/citation.cfm?id=2229012},
	Isbn = {978-1-4503-1415-2},
	Publisher = {ACM},
	Title = {ACM Conference on Electronic Commerce, EC '12, Valencia, Spain, June 4-8, 2012},
	Year = {2012}}

@misc{nakamoto-forum,
	Author = {Satoshi Nakamoto},
	Date-Added = {2014-08-29 07:23:17 +0000},
	Date-Modified = {2014-08-29 07:55:49 +0000},
	Howpublished = {The Cryptography Mailing List, https://www.mail-archive.com/cryptography@metzdowd.com/msg09997.html},
	Month = {November},
	Title = {``The proof-of-work chain is a solution to the Byzantine Generals' Problem''},
	Year = {2008}}

@misc{MillerLaviola2014,
	Author = {Andrew Miller and Joseph J. LaViola},
	Date-Added = {2014-08-29 07:18:06 +0000},
	Date-Modified = {2014-08-29 07:18:39 +0000},
	Howpublished = {University of Central Florida. Tech Report, CS-TR-14-01},
	Month = {April},
	Title = {Anonymous Byzantine Consensus from Moderately-Hard Puzzles: A Model for Bitcoin.},
	Year = {2014}}

@article{Canetti2000,
	Author = {Ran Canetti},
	Bibsource = {DBLP, http://dblp.uni-trier.de},
	Date-Added = {2014-08-29 07:14:06 +0000},
	Date-Modified = {2014-08-29 07:14:12 +0000},
	Ee = {http://dx.doi.org/10.1007/s001459910006},
	Journal = {J. Cryptology},
	Number = {1},
	Pages = {143-202},
	Title = {Security and Composition of Multiparty Cryptographic Protocols},
	Volume = {13},
	Year = {2000}}

@article{Cunicula2014,
	Author = {Cunicula},
	Date-Modified = {2014-09-16 08:46:02 +0000},
	Title = {Why doesn't Bitcoin use a tiebreaking rule when comparing chains of equal length? {\tt https://bitcointalk.org/index.php?topic=355644.0}},
	Year = {2013}}

@inproceedings{eyalsirer2014,
	Author = {Ittay Eyal and Emin Gun Sirer},
	Bibsource = {DBLP, http://dblp.uni-trier.de},
	Booktitle = {Financial Cryptography},
	Crossref = {DBLP:conf/fc/2012},
	Date-Added = {2014-08-29 07:06:36 +0000},
	Date-Modified = {2014-08-29 07:08:25 +0000},
	Ee = {http://dx.doi.org/10.1007/978-3-642-32946-3_1},
	Title = {Majority is not Enough: Bitcoin Mining is Vulnerable},
	Year = {2014}}

@inproceedings{C:Chaum82,
	Address = cryptoaddr,
	Author = {David Chaum},
	Booktitle = crypto82name,
	Date-Added = {2014-08-25 03:46:38 +0000},
	Date-Modified = {2014-08-25 03:46:38 +0000},
	Editor = crypto82ed,
	Month = crypto82month,
	Pages = {199--203},
	Publisher = plenumpress,
	Title = {Blind Signatures for Untraceable Payments},
	Volume = crypto82vol,
	Year = 1982}

@inproceedings{DBLP:conf/p2p/DeckerW13,
	Author = {Christian Decker and Roger Wattenhofer},
	Bibsource = {DBLP, http://dblp.uni-trier.de},
	Booktitle = {P2P},
	Crossref = {DBLP:conf/p2p/2013},
	Date-Added = {2014-08-10 20:27:21 +0000},
	Date-Modified = {2014-08-10 20:27:21 +0000},
	Ee = {http://dx.doi.org/10.1109/P2P.2013.6688704},
	Pages = {1-10},
	Title = {Information propagation in the Bitcoin network},
	Year = {2013}}

@proceedings{DBLP:conf/p2p/2013,
	Bibsource = {DBLP, http://dblp.uni-trier.de},
	Booktitle = {P2P},
	Date-Added = {2014-08-10 20:27:21 +0000},
	Date-Modified = {2014-08-10 20:27:21 +0000},
	Ee = {http://ieeexplore.ieee.org/xpl/mostRecentIssue.jsp?punumber=6679377},
	Isbn = {978-1-4799-0521-8},
	Publisher = {IEEE},
	Title = {13th IEEE International Conference on Peer-to-Peer Computing, IEEE P2P 2013, Trento, Italy, September 9-11, 2013, Proceedings},
	Year = {2013}}

@book{ct06,
	Author = {Thomas M. Cover and Joy A. Thomas},
	Isbn = {0471241954},
	Publisher = {Wiley-Interscience},
	Title = {Elements of Information Theory},
	Year = {2006}}

@book{as2004,
	Author = {Alon, N. and Spencer, J.H.},
	Isbn = {9780471653981},
	Publisher = {Wiley},
	Series = {Wiley-Interscience series in discrete mathematics and optimization},
	Title = {The Probabilistic Method},
	Url = {http://books.google.gr/books?id=q3lUjheWiMoC},
	Year = {2004},
	Bdsk-Url-1 = {http://books.google.gr/books?id=q3lUjheWiMoC}}

@article{delporte2013,
	Author = {Delporte-Gallet, Carole and Fauconnier, Hugues and Guerraoui, Rachid and Kermarrec, Anne-Marie and Ruppert, Eric and Tran-The, Hung},
	Doi = {10.1007/s00446-013-0190-3},
	Issn = {0178-2770},
	Journal = {Distributed Computing},
	Keywords = {Consensus; Message passing; Process identifiers; Byzantine failures},
	Language = {English},
	Number = {5-6},
	Pages = {321-340},
	Publisher = {Springer Berlin Heidelberg},
	Title = {Byzantine agreement with homonyms},
	Url = {http://dx.doi.org/10.1007/s00446-013-0190-3},
	Volume = {26},
	Year = {2013},
	Bdsk-Url-1 = {http://dx.doi.org/10.1007/s00446-013-0190-3}}

@techreport{ajk2005,
	Author = {James Aspnes and Collin Jackson and Arvind Krishnamurthy},
	Institution = {Yale University Department of Computer Science},
	Month = jul,
	Number = {YALEU/DCS/TR-1332},
	Title = {Exposing computationally-challenged {B}yzantine impostors},
	Year = 2005}

@incollection{afg2006,
	Author = {Angluin, Dana and Fischer, MichaelJ. and Jiang, Hong},
	Booktitle = {Distributed Computing in Sensor Systems},
	Doi = {10.1007/11776178_3},
	Editor = {Gibbons, PhillipB. and Abdelzaher, Tarek and Aspnes, James and Rao, Ramesh},
	Isbn = {978-3-540-35227-3},
	Pages = {37-50},
	Publisher = {Springer Berlin Heidelberg},
	Series = {Lecture Notes in Computer Science},
	Title = {Stabilizing Consensus in Mobile Networks},
	Url = {http://dx.doi.org/10.1007/11776178_3},
	Volume = {4026},
	Year = {2006},
	Bdsk-Url-1 = {http://dx.doi.org/10.1007/11776178_3}}

@inproceedings{DBLP:conf/podc/GarayKKZ11,
	Author = {Juan A. Garay and Jonathan Katz and Ranjit Kumaresan and Hong{-}Sheng Zhou},
	Bibsource = {dblp computer science bibliography, http://dblp.org},
	Biburl = {http://dblp.uni-trier.de/rec/bib/conf/podc/GarayKKZ11},
	Booktitle = {Proceedings of the 30th Annual {ACM} Symposium on Principles of Distributed Computing, {PODC} 2011, San Jose, CA, USA, June 6-8, 2011},
	Crossref = {DBLP:conf/podc/2011},
	Doi = {10.1145/1993806.1993832},
	Pages = {179--186},
	Timestamp = {Sun, 07 Sep 2014 04:41:58 +0200},
	Title = {Adaptively secure broadcast, revisited},
	Url = {http://doi.acm.org/10.1145/1993806.1993832},
	Year = {2011},
	Bdsk-Url-1 = {http://doi.acm.org/10.1145/1993806.1993832},
	Bdsk-Url-2 = {http://dx.doi.org/10.1145/1993806.1993832}}

@proceedings{DBLP:conf/podc/2011,
	Bibsource = {dblp computer science bibliography, http://dblp.org},
	Biburl = {http://dblp.uni-trier.de/rec/bib/conf/podc/2011},
	Editor = {Cyril Gavoille and Pierre Fraigniaud},
	Isbn = {978-1-4503-0719-2},
	Publisher = {{ACM}},
	Timestamp = {Sun, 07 Sep 2014 04:41:58 +0200},
	Title = {Proceedings of the 30th Annual {ACM} Symposium on Principles of Distributed Computing, {PODC} 2011, San Jose, CA, USA, June 6-8, 2011},
	Url = {http://dl.acm.org/citation.cfm?id=1993806},
	Year = {2011},
	Bdsk-Url-1 = {http://dl.acm.org/citation.cfm?id=1993806}}

@inproceedings{fg2003,
	Author = {Matthias Fitzi and Juan A. Garay},
	Bibsource = {DBLP, http://dblp.uni-trier.de},
	Booktitle = {PODC},
	Crossref = {DBLP:conf/podc/2003},
	Ee = {http://doi.acm.org/10.1145/872035.872066},
	Pages = {211-220},
	Title = {Efficient player-optimal protocols for strong and differential consensus},
	Year = {2003}}

@proceedings{DBLP:conf/podc/2003,
	Bibsource = {DBLP, http://dblp.uni-trier.de},
	Booktitle = {PODC},
	Editor = {Elizabeth Borowsky and Sergio Rajsbaum},
	Ee = {http://dl.acm.org/citation.cfm?id=872035},
	Isbn = {1-58113-708-7},
	Publisher = {ACM},
	Title = {Proceedings of the Twenty-Second ACM Symposium on Principles of Distributed Computing, PODC 2003, Boston, Massachusetts, USA, July 13-16, 2003},
	Year = {2003}}

@article{DBLP:journals/iacr/GarayKL14,
	Author = {Juan A. Garay and Aggelos Kiayias and Nikos Leonardos},
	Bibsource = {dblp computer science bibliography, http://dblp.org},
	Biburl = {http://dblp.uni-trier.de/rec/bib/journals/iacr/GarayKL14},
	Journal = {{IACR} Cryptology ePrint Archive},
	Pages = {765},
	Timestamp = {Wed, 15 Oct 2014 13:16:53 +0200},
	Title = {The {B}itcoin {B}ackbone {P}rotocol: {A}nalysis and {A}pplications},
	Url = {http://eprint.iacr.org/2014/765},
	Volume = {2014},
	Year = {2014},
	Bdsk-Url-1 = {http://eprint.iacr.org/2014/765}}

@article{DBLP:journals/joc/BarakCLPR11,
	Author = {Boaz Barak and Ran Canetti and Yehuda Lindell and Rafael Pass and Tal Rabin},
	Bibsource = {dblp computer science bibliography, http://dblp.org},
	Biburl = {http://dblp.uni-trier.de/rec/bib/journals/joc/BarakCLPR11},
	Doi = {10.1007/s00145-010-9075-9},
	Journal = {J. Cryptology},
	Number = {4},
	Pages = {720--760},
	Timestamp = {Tue, 09 Sep 2014 05:26:51 +0200},
	Title = {Secure Computation Without Authentication},
	Url = {http://dx.doi.org/10.1007/s00145-010-9075-9},
	Volume = {24},
	Year = {2011},
	Bdsk-Url-1 = {http://dx.doi.org/10.1007/s00145-010-9075-9}}

@inproceedings{DBLP:conf/eurocrypt/HirtZ10,
	Author = {Martin Hirt and Vassilis Zikas},
	Bibsource = {dblp computer science bibliography, http://dblp.org},
	Biburl = {http://dblp.uni-trier.de/rec/bib/conf/eurocrypt/HirtZ10},
	Booktitle = {Advances in Cryptology - {EUROCRYPT} 2010, 29th Annual International Conference on the Theory and Applications of Cryptographic Techniques, French Riviera, May 30 - June 3, 2010. Proceedings},
	Crossref = {DBLP:conf/eurocrypt/2010},
	Doi = {10.1007/978-3-642-13190-5_24},
	Pages = {466--485},
	Timestamp = {Sun, 07 Sep 2014 04:44:08 +0200},
	Title = {Adaptively Secure Broadcast},
	Url = {http://dx.doi.org/10.1007/978-3-642-13190-5_24},
	Year = {2010},
	Bdsk-Url-1 = {http://dx.doi.org/10.1007/978-3-642-13190-5_24}}

@proceedings{DBLP:conf/eurocrypt/2010,
	Bibsource = {dblp computer science bibliography, http://dblp.org},
	Biburl = {http://dblp.uni-trier.de/rec/bib/conf/eurocrypt/2010},
	Doi = {10.1007/978-3-642-13190-5},
	Editor = {Henri Gilbert},
	Isbn = {978-3-642-13189-9},
	Publisher = {Springer},
	Series = {Lecture Notes in Computer Science},
	Timestamp = {Sun, 07 Sep 2014 04:44:08 +0200},
	Title = {Advances in Cryptology - {EUROCRYPT} 2010, 29th Annual International Conference on the Theory and Applications of Cryptographic Techniques, French Riviera, May 30 - June 3, 2010. Proceedings},
	Url = {http://dx.doi.org/10.1007/978-3-642-13190-5},
	Volume = {6110},
	Year = {2010},
	Bdsk-Url-1 = {http://dx.doi.org/10.1007/978-3-642-13190-5}}

@inproceedings{rabin1983,
	Author = {Michael O. Rabin},
	Bibsource = {DBLP, http://dblp.uni-trier.de},
	Booktitle = {FOCS},
	Crossref = {DBLP:conf/focs/FOCS24},
	Ee = {http://doi.ieeecomputersociety.org/10.1109/SFCS.1983.48},
	Pages = {403-409},
	Title = {Randomized Byzantine Generals},
	Year = {1983}}

@proceedings{DBLP:conf/focs/FOCS24,
	Bibsource = {DBLP, http://dblp.uni-trier.de},
	Booktitle = {FOCS},
	Publisher = {IEEE Computer Society},
	Title = {24th Annual Symposium on Foundations of Computer Science, Tucson, Arizona, USA, 7-9 November 1983},
	Year = {1983}}

@inproceedings{b1983,
	Author = {Michael Ben-Or},
	Bibsource = {DBLP, http://dblp.uni-trier.de},
	Booktitle = {PODC},
	Crossref = {DBLP:conf/podc/1983},
	Ee = {http://doi.acm.org/10.1145/800221.806707},
	Pages = {27-30},
	Title = {Another Advantage of Free Choice: Completely Asynchronous Agreement Protocols (Extended Abstract)},
	Year = {1983}}

@proceedings{DBLP:conf/podc/1983,
	Bibsource = {DBLP, http://dblp.uni-trier.de},
	Booktitle = {PODC},
	Editor = {Robert L. Probert and Nancy A. Lynch and Nicola Santoro},
	Ee = {http://dl.acm.org/citation.cfm?id=800221},
	Isbn = {0-89791-110-5},
	Publisher = {ACM},
	Title = {Proceedings of the Second Annual ACM SIGACT-SIGOPS Symposium on Principles of Distributed Computing, Montreal, Quebec, Canada, August 17-19, 1983},
	Year = {1983}}

@article{fm1997,
	Author = {Pesech Feldman and Silvio Micali},
	Bibsource = {DBLP, http://dblp.uni-trier.de},
	Ee = {http://dx.doi.org/10.1137/S0097539790187084},
	Journal = {SIAM J. Comput.},
	Number = {4},
	Pages = {873-933},
	Title = {An Optimal Probabilistic Protocol for Synchronous Byzantine Agreement},
	Volume = {26},
	Year = {1997}}

@article{kk2009,
	Author = {Jonathan Katz and Chiu-Yuen Koo},
	Doi = {http://dx.doi.org/10.1016/j.jcss.2008.08.001},
	Issn = {0022-0000},
	Journal = {Journal of Computer and System Sciences},
	Keywords = {Secure computation},
	Number = {2},
	Pages = {91 - 112},
	Title = {On expected constant-round protocols for Byzantine agreement},
	Url = {http://www.sciencedirect.com/science/article/pii/S0022000008000718},
	Volume = {75},
	Year = {2009},
	Bdsk-Url-1 = {http://www.sciencedirect.com/science/article/pii/S0022000008000718},
	Bdsk-Url-2 = {http://dx.doi.org/10.1016/j.jcss.2008.08.001}}

@proceedings{DBLP:conf/eurocrypt/2015-2,
	Bibsource = {dblp computer science bibliography, http://dblp.org},
	Biburl = {http://dblp.uni-trier.de/rec/bib/conf/eurocrypt/2015-2},
	Date-Added = {2016-09-29 15:19:22 +0000},
	Date-Modified = {2016-09-29 15:19:22 +0000},
	Doi = {10.1007/978-3-662-46803-6},
	Editor = {Elisabeth Oswald and Marc Fischlin},
	Isbn = {978-3-662-46802-9},
	Publisher = {Springer},
	Series = {Lecture Notes in Computer Science},
	Timestamp = {Tue, 14 Apr 2015 13:53:55 +0200},
	Title = {Advances in Cryptology - {EUROCRYPT} 2015 - 34th Annual International Conference on the Theory and Applications of Cryptographic Techniques, Sofia, Bulgaria, April 26-30, 2015, Proceedings, Part {II}},
	Url = {http://dx.doi.org/10.1007/978-3-662-46803-6},
	Volume = {9057},
	Year = {2015},
	Bdsk-Url-1 = {http://dx.doi.org/10.1007/978-3-662-46803-6}}
