@misc{praosUCmanuscript,
	Author = {Christian Badertscher and Peter Ga{\v z}i and Aggelos Kiayias
          and Alexander Russell and Vassilis Zikas},
	Title = {Composable Proof-of-Stake Blockchains with Dynamic Availability},
	Howpublished = {Manuscript},
	Year = 2018
}


@article{ouroboros-eprint,
	Author = {Aggelos Kiayias and Alexander Russell and Bernardo David and Roman Oliynykov},
	Bibsource = {dblp computer science bibliography, http://dblp.org},
	Biburl = {http://dblp.org/rec/bib/journals/iacr/KiayiasKRDO16},
	Date-Added = {2018-02-17 08:46:12 +0000},
	Date-Modified = {2018-02-17 08:46:32 +0000},
	Journal = {{IACR} Cryptology ePrint Archive},
	Pages = {889},
	Timestamp = {Thu, 08 Jun 2017 14:26:37 +0200},
	Title = {A Provably Secure Proof-of-Stake Blockchain Protocol},
	Url = {http://eprint.iacr.org/2016/889},
	Volume = {2016},
	Year = {2016},
	Bdsk-Url-1 = {http://eprint.iacr.org/2016/889}}

@misc{praos,
	Author = {Bernardo David and Peter Ga{\v z}i and Aggelos Kiayias and Alexander Russell},
	Howpublished = {Cryptology ePrint Archive, Report 2017/573},
	Note = {\url{http://eprint.iacr.org/2017/573}. To appear at EUROCRYPT 2018.},
	Title = {Ouroboros Praos: An adaptively-secure, semi-synchronous proof-of-stake protocol},
	Year = 2017}

@inproceedings{DBLP:conf/ccs/LuuNZBGS16,
	Author = {Loi Luu and Viswesh Narayanan and Chaodong Zheng and Kunal Baweja and Seth Gilbert and Prateek Saxena},
	Bibsource = {dblp computer science bibliography, http://dblp.org},
	Biburl = {http://dblp.org/rec/bib/conf/ccs/LuuNZBGS16},
	Booktitle = {Proceedings of the 2016 {ACM} {SIGSAC} Conference on Computer and Communications Security, Vienna, Austria, October 24-28, 2016},
	Crossref = {DBLP:conf/ccs/2016},
	Date-Added = {2018-02-13 12:02:30 +0000},
	Date-Modified = {2018-02-13 12:02:30 +0000},
	Doi = {10.1145/2976749.2978389},
	Pages = {17--30},
	Timestamp = {Mon, 24 Oct 2016 18:57:12 +0200},
	Title = {A Secure Sharding Protocol For Open Blockchains},
	Url = {http://doi.acm.org/10.1145/2976749.2978389},
	Year = {2016},
	Bdsk-Url-1 = {http://doi.acm.org/10.1145/2976749.2978389},
	Bdsk-Url-2 = {https://dx.doi.org/10.1145/2976749.2978389}}

@proceedings{DBLP:conf/ccs/2016,
	Bibsource = {dblp computer science bibliography, http://dblp.org},
	Biburl = {http://dblp.org/rec/bib/conf/ccs/2016},
	Date-Added = {2018-02-13 12:02:30 +0000},
	Date-Modified = {2018-02-13 12:02:30 +0000},
	Editor = {Edgar R. Weippl and Stefan Katzenbeisser and Christopher Kruegel and Andrew C. Myers and Shai Halevi},
	Isbn = {978-1-4503-4139-4},
	Publisher = {{ACM}},
	Timestamp = {Mon, 24 Oct 2016 15:38:42 +0200},
	Title = {Proceedings of the 2016 {ACM} {SIGSAC} Conference on Computer and Communications Security, Vienna, Austria, October 24-28, 2016},
	Url = {http://dl.acm.org/citation.cfm?id=2976749},
	Year = {2016},
	Bdsk-Url-1 = {http://dl.acm.org/citation.cfm?id=2976749}}

@misc{lerner,
	Author = {Sergio Demian Lerner},
	Title = {Drivechains, Sidechains and Hybrid 2-Way Peg Designs},
	Year = {2016}}

@misc{drivechains,
	Author = {Paul Sztorc},
	Note = {\url{http://www.truthcoin.info/blog/drivechain/}},
	Title = {Drivechain - The Simple Two Way Peg},
	Year = {November 2015}}

@article{sidechains,
	Author = {Back, Adam and Corallo, Matt and Dashjr, Luke and Friedenbach, Mark and Maxwell, Gregory and Miller, Andrew and Poelstra, Andrew and Tim{\'o}n, Jorge and Wuille, Pieter},
	Note = {\url{http://www. opensciencereview. com/papers/123/enablingblockchain-innovations-with-pegged-sidechains}},
	Title = {Enabling blockchain innovations with pegged sidechains},
	Year = {2014}}

@article{bitcoin,
	Author = {Nakamoto, Satoshi},
	Title = {Bitcoin: A peer-to-peer electronic cash system},
	Year = {2008}}

@inproceedings{velvet,
	Author = {Zamyatin, Alexei and Stifter, Nicholas and Judmayer, Aljosha and Schindler, Philipp and Weippl, Edgar and Knottenbelt, William and Zamyatin, Alexei},
	Booktitle = {International Conference on Financial Cryptography and Data Security},
	Organization = {Springer},
	Title = {A Wild Velvet Fork Appears! Inclusive Blockchain Protocol Changes in Practice},
	Year = {2018}}

@misc{nipopows,
	Author = {Kiayias, Aggelos and Miller, Andrew and Zindros, Dionysis},
	Title = {Non-Interactive Proofs of Proof-of-Work},
	Year = {2017},
	institution={Cryptology ePrint Archive, Report 2017/963, 2017. Accessed: 2017-10-03}}

@article{wood,
	Author = {Wood, Gavin},
	Journal = {Ethereum Project Yellow Paper},
	Pages = {1--32},
	Title = {Ethereum: A secure decentralised generalised transaction ledger},
	Volume = {151},
	Year = {2014}}

@article{buterin,
	Author = {Buterin, Vitalik and others},
	Journal = {white paper},
	Title = {A next-generation smart contract and decentralized application platform},
	Year = {2014}}

@article{algorand,
	Author = {Silvio Micali},
	Bibsource = {dblp computer science bibliography, http://dblp.org},
	Biburl = {http://dblp.uni-trier.de/rec/bib/journals/corr/Micali16},
	Journal = {CoRR},
	Timestamp = {Tue, 02 Aug 2016 12:59:27 +0200},
	Title = {{ALGORAND:} The Efficient and Democratic Ledger},
	Url = {http://arxiv.org/abs/1607.01341},
	Volume = {abs/1607.01341},
	Year = {2016},
	Bdsk-Url-1 = {http://arxiv.org/abs/1607.01341}}

@inproceedings{miller2014authenticated,
  title={Authenticated data structures, generically},
  author={Miller, Andrew and Hicks, Michael and Katz, Jonathan and Shi, Elaine},
  booktitle={ACM SIGPLAN Notices},
  volume={49},
  number={1},
  pages={411--423},
  year={2014},
  organization={ACM}
}

@unpublished{sidechainsformalization,
  title={A Formal Treatment of Sidechains for Proof-of-Stake Blockchains},
  author={Ga\v{z}i, Peter and Kiayias, Aggelos and Zindros, Dionysis},
  note={Unpublished manuscript},
  year={2018}
}

@misc{wood2016polkadot,
  title={Polkadot: Vision for a heterogeneous multi-chain framework},
  author={Wood, Gavin},
  year={2016},
  publisher={Github}
}

@article{ico,
  title={Interactive coin offerings},
  author={Teutsch, Jason and Buterin, Vitalik and Brown, Christopher},
  journal={Available at: \url{https://people.cs.uchicago.edu/~teutsch/papers/ico.pdf}},
  urldate={2017-11-16},
  year={2017}
}

@article{miller2014anonymous,
  title={Anonymous byzantine consensus from moderately-hard puzzles: A model for bitcoin},
  author={Miller, Andrew and LaViola Jr, Joseph J},
  journal={Available at: \url{http://nakamotoinstitute.org/research/anonymous-byzantine-consensus}},
  year={2014}
}

@phdthesis{buchman2016tendermint,
  title={Tendermint: Byzantine fault tolerance in the age of blockchains},
  author={Buchman, Ethan},
  year={2016}
}

@article{herlihy2018atomic,
  title={Atomic cross-chain swaps},
  author={Herlihy, Maurice},
  journal={arXiv preprint arXiv:1801.09515},
  year={2018}
}

@misc{atomicswaps,
  title={Alt chains and atomic transfers},
  author={Nolan, Tier},
  year={2013},
  howpublished={Available at: \url{https://bitcointalk.org/index.php?topic=193281.0}},
  url={https://bitcointalk.org/index.php?topic=193281.0},
  urldate={2018-04-26}
}

@inproceedings{bitcoinng,
  title={Bitcoin-NG: A Scalable Blockchain Protocol.},
  author={Eyal, Ittay and Gencer, Adem Efe and Sirer, Emin G{\"u}n and Van Renesse, Robbert},
  booktitle={NSDI},
  pages={45--59},
  year={2016}
}

@article{sompolinsky2013accelerating,
  title={Accelerating bitcoinâ€™s transaction processing},
  author={Sompolinsky, Yonatan and Zohar, Aviv},
  journal={Fast Money Grows on Trees, Not Chains},
  year={2013},
  publisher={Citeseer}
}

@article{danezis2015centrally,
  title={Centrally banked cryptocurrencies},
  author={Danezis, George and Meiklejohn, Sarah},
  journal={arXiv preprint arXiv:1505.06895},
  year={2015}
}

@inproceedings{popow,
  title={Proofs of proofs of work with sublinear complexity},
  author={Kiayias, Aggelos and Lamprou, Nikolaos and Stouka, Aikaterini-Panagiota},
  booktitle={International Conference on Financial Cryptography and Data Security},
  pages={61--78},
  year={2016},
  organization={Springer}
}

@misc{erc20,
  title={ERC 20 token standard},
  author={Vogelsteller, Fabian and Buterin, Vitalik},
  year={2015},
  howpublished={Available at: \url{https://github.com/ethereum/EIPs/blob/master/EIPS/eip-20.md}},
  url={https://github.com/ethereum/EIPs/blob/master/EIPS/eip-20.md},
  urldate={2018-04-28}
}

@inproceedings{blockstack,
  title={Blockstack: A Global Naming and Storage System Secured by Blockchains.},
  author={Ali, Muneeb and Nelson, Jude C and Shea, Ryan and Freedman, Michael J},
  booktitle={USENIX Annual Technical Conference},
  pages={181--194},
  year={2016}
}

@misc{openzeppelin-erc20,
  title={OpenZeppelin crowdsale contract},
  author = {Smart Contract Solutions, Inc},
  year = 2017,
	howpublished={Available at: \url{https://github.com/OpenZeppelin/openzeppelin-solidity/blob/v2.0.0-rc.1/contracts/token/ERC20/ERC20.sol}},
  url = {https://github.com/OpenZeppelin/openzeppelin-solidity/blob/v2.0.0-rc.1/contracts/token/ERC20/ERC20.sol},
  urldate = {2018-09-24}
}

@misc{openzeppelin-crowdsale,
  title={OpenZeppelin standard ERC20 token contract: Implementation of the basic standard token},
  author = {Smart Contract Solutions, Inc},
  year = 2017,
	howpublished={Available at: \url{https://github.com/OpenZeppelin/openzeppelin-solidity/blob/v2.0.0-rc.1/contracts/crowdsale/Crowdsale.sol}},
  url = {https://github.com/OpenZeppelin/openzeppelin-solidity/blob/v2.0.0-rc.1/contracts/crowdsale/Crowdsale.sol},
  urldate = {2018-09-24}
}

@article{pos-sidechains,
	Author = {Peter Ga{\v z}i and Aggelos Kiayias and Dionysis Zindros},
	Journal = {{IACR} Cryptology ePrint Archive},
	Title = {Proof-of-Stake Sidechains},
	Year = {2018},
}

@misc{interledger,
	title={Interledger Protocol V4},
	author={The Interledger Payments Community Group},
	howpublished={Available at: \url{https://interledger.org/rfcs/0027-interledger-protocol-4/draft-5.html}},
	url={https://interledger.org/rfcs/0027-interledger-protocol-4/draft-5.html},
  urldate = {2018-09-25}
}

@article{poon2017plasma,
  title={Plasma: Scalable autonomous smart contracts},
  author={Poon, Joseph and Buterin, Vitalik},
  journal={White paper},
  year={2017}
}

@article{zamyatinxclaim,
  title={XCLAIM: Interoperability with Cryptocurrency-Backed Tokens},
  author={Zamyatin, Alexei and Harz, Dominik and Lind, Joshua and Panayiotou, Panayiotis and Gervais, Arthur and Knottenbelt, William J}
}

@techreport{khalil2018nocust,
  title={NOCUST--A Non-Custodial 2 nd-Layer Financial Intermediary},
  author={Khalil, Rami and Gervais, Arthur},
  year={2018},
  institution={Cryptology ePrint Archive, Report 2018/642. https://eprint. iacr. org/2018/642}
}

@misc{comit,
	title={COMIT: Cryptographically-secure Off-chain Multi-asset Instant
Transaction network},
  author={Hosp, Julian and Hoenisch, Toby and Kittiwongsunthorn, Paul},
	year={2017},
	howpublished={Available at: \url{https://www.comit.network/doc/COMIT%20white%20paper%20v1.0.2.pdf}},
	url={https://www.comit.network/doc/COMIT%20white%20paper%20v1.0.2.pdf},
  urldate = {2018-09-25}
}

@techreport{wust2016ethereum,
  title={Ethereum eclipse attacks},
  author={W{\"u}st, Karl and Gervais, Arthur},
  year={2016},
  institution={ETH Zurich}
}

@inproceedings{andrychowicz2015pow,
  title={Pow-based distributed cryptography with no trusted setup},
  author={Andrychowicz, Marcin and Dziembowski, Stefan},
  booktitle={Annual Cryptology Conference},
  pages={379--399},
  year={2015},
  organization={Springer}
}

@inproceedings{andrychowicz2014fair,
  title={Fair two-party computations via bitcoin deposits},
  author={Andrychowicz, Marcin and Dziembowski, Stefan and Malinowski, Daniel and Mazurek, {\L}ukasz},
  booktitle={International Conference on Financial Cryptography and Data Security},
  pages={105--121},
  year={2014},
  organization={Springer}
}

@inproceedings{andrychowicz2014secure,
  title={Secure multiparty computations on bitcoin},
  author={Andrychowicz, Marcin and Dziembowski, Stefan and Malinowski, Daniel and Mazurek, Lukasz},
  booktitle={Security and Privacy (SP), 2014 IEEE Symposium on},
  pages={443--458},
  year={2014},
  organization={IEEE}
}

@misc{sztorc2014truthcoin,
  title={Truthcoin: trustless, decentralized, censorship-proof, incentive-compatible, scalable cryptocurrency prediction marketplace},
  author={Sztorc, P},
  year={2014}
}

@inproceedings{mccorry2017smart,
  title={A smart contract for boardroom voting with maximum voter privacy},
  author={McCorry, Patrick and Shahandashti, Siamak F and Hao, Feng},
  booktitle={International Conference on Financial Cryptography and Data Security},
  pages={357--375},
  year={2017},
  organization={Springer}
}

@online{BIP9,
  author = {Pieter Wuille and Peter Todd and Greg Maxwell and Rusty Russell},
  title = {Version bits with timeout and delay},
  year = 2015,
  url = {https://github.com/bitcoin/bips/blob/master/bip-0009.mediawiki},
  urldate = {2010-09-30}
}

@online{BIP141,
  author = {Eric Lombrozo and Johnson Lau and Pieter Wuille},
  title = {Segregated Witness (Consensus layer)},
  year = 2015,
  url = {https://github.com/bitcoin/bips/blob/master/bip-0141.mediawiki},
  urldate = {2015-12-21}
}

@online{vitalik-forks,
  author={Vitalik Buterin},
  title={Hard Forks, Soft Forks, Defaults and Coercion},
  year={2017},
  url={https://vitalik.ca/general/2017/03/14/forks_and_markets.html},
  urldate={2017-05-14}
}

@inproceedings{al2017scpki,
  title={SCPKI: A smart contract-based PKI and identity system},
  author={Al-Bassam, Mustafa},
  booktitle={Proceedings of the ACM Workshop on Blockchain, Cryptocurrencies and Contracts},
  pages={35--40},
  year={2017},
  organization={ACM}
}

@inproceedings{fruitchains,
  title={Fruitchains: A fair blockchain},
  author={Pass, Rafael and Shi, Elaine},
  booktitle={Proceedings of the ACM Symposium on Principles of Distributed Computing},
  pages={315--324},
  year={2017},
  organization={ACM}
}

@article{bonneau2015bitcoin,
  title={On Bitcoin as a public randomness source.},
  author={Bonneau, Joseph and Clark, Jeremy and Goldfeder, Steven},
  journal={IACR Cryptology ePrint Archive},
  volume={2015},
  pages={1015},
  year={2015}
}

@inproceedings{badertscher2018ouroboros,
  title={Ouroboros genesis: Composable proof-of-stake blockchains with dynamic availability},
  author={Badertscher, Christian and Ga{\v{z}}i, Peter and Kiayias, Aggelos and Russell, Alexander and Zikas, Vassilis},
  booktitle={Proceedings of the 2018 ACM SIGSAC Conference on Computer and Communications Security},
  pages={913--930},
  year={2018},
  organization={ACM}
}

@article{okun2008efficient,
  title={Efficient algorithms for anonymous Byzantine agreement},
  author={Okun, Michael and Barak, Amnon},
  journal={Theory of Computing Systems},
  volume={42},
  number={2},
  pages={222--238},
  year={2008},
  publisher={Springer}
}
